@misc{fluentinc,
	author			=	"Fluent Inc.",
	title		    =	"Viscosity as a function of Temperature",
	howpublished	=	"Online",
	month		    =	"September",
	year			=	"2009",
	note			=	"",
	key			    =	"",
	url				=	"http://aerojet.engr.ucdavis.edu/fluenthelp/html/ug/node337.htm"
}

@article{barrowman_report,
	author 			    = 	"James Barrowman",
	title				=	"The Theoretical Prediction of the Center of Pressure",
	year				=	"1966",
	month    			= 	"August",
	journal			    =	"NARAM-8",
	pages				=	"",
	note     			= 	"",
}


@article{barrowman,
	author 			    = 	"James Barrowman",
	title				=	"Calculating the Center of Pressure of a Model Rocket",
	year				=	"1998",
	month    			= 	"",
	journal			    =	"",
	pages				=	"",
	note     			= 	"Technical Information Report - Catalog No. TIR-33",
}

@article{box2009,
	author  = "Simon Box, Christopher M. Bishop, and Hugh Hunt",
	title   = "Estimating the dynamic and aerodynamic paramters of passively controlled high power rockets for flight simulaton",
	year    = "2009",
	month   = "February",
	journal = "",
	pages   = "",
	url     = "http://cambridgerocket.sourceforge.net/AerodynamicCoefficients.pdf",

@misc{introquaternions,
	author       = "John Huerta",
	title        = "Introducing the Quaternions",
	howpublished = "Online",
	url          = "http://math.ucr.edu/~huerta/introquaternions.pdf",
	key          = "",
}

@book{mandell1973,
	author			    =	"Mandell, Gordon K., George J. Caporaso, and William P. Bengen.",
	title				=	"Topics in advanced model rocketry",
	publisher			=	"MIT Press",
	year				=	"1973",
	address		    	=	"Cambridge, Mass",
}

@book{munson2013,
	author			    =	"Munson, Okiishi, Huebsch, Rothmayer",
	title				=	"Munson Fundamentals of Fluid Mechanics",
	publisher			=	"John Wiley and Sons Inc",
	year				=	"2013",
	address		    	=	"Cambridge, Mass",
}

@mastersthesis{niskanen2013,
	author 			    = 	"Sampo Niskanen",
	title				=	"OpenRocket Technical Documentation (Development of an Open Source model rocket simulation software)",
}
